<?xml version="1.0" encoding="UTF-8"?><record xmlns="http://www.loc.gov/MARC21/slim" xmlns:cinclude="http://apache.org/cocoon/include/1.0" xmlns:zs="http://www.loc.gov/zing/srw/">
  <leader>00396nz  a2200121n  4500</leader>
  <controlfield tag="001">n  96088203 </controlfield>
  <controlfield tag="003">DLC</controlfield>
  <controlfield tag="005">19960911120057.9</controlfield>
  <controlfield tag="008">960911n| acannaab|          |n ana |||  </controlfield>
  <datafield tag="010" ind1=" " ind2=" ">
    <subfield code="a">n  96088203 </subfield>
  </datafield>
  <datafield tag="040" ind1=" " ind2=" ">
    <subfield code="a">DLC</subfield>
    <subfield code="c">DLC</subfield>
  </datafield>
  <datafield tag="110" ind1="2" ind2="0">
    <subfield code="a">National Research Institute (Papua New Guinea).</subfield>
    <subfield code="b">Cultural Studies Division</subfield>
  </datafield>
  <datafield tag="670" ind1=" " ind2=" ">
    <subfield code="a">Lokal musik, 1993:</subfield>
    <subfield code="b">t.p. (Cultural Studies Division, The National Research Institute)</subfield>
  </datafield>
</record>